PokerStars Hand #139421020234: Tournament #1292680929, $10+$1 USD Hold'em No Limit - Level VIII (60/120) - 2015/08/15 14:41:48 ET
Table '1292680929 17' 9-max Seat #3 is the button
Seat 1: gits1980 (1765 in chips) 
Seat 2: rastamanooo (1880 in chips) 
Seat 3: liamkid (2144 in chips) 
Seat 4: R@nTAnpl@N (2411 in chips) 
Seat 5: Fakhish (4564 in chips) 
Seat 6: mecco (3369 in chips) 
Seat 7: LtGrimms (6476 in chips) 
Seat 8: Adios89 (2016 in chips) 
Seat 9: kartrid (2043 in chips) 
gits1980: posts the ante 15
rastamanooo: posts the ante 15
liamkid: posts the ante 15
R@nTAnpl@N: posts the ante 15
Fakhish: posts the ante 15
mecco: posts the ante 15
LtGrimms: posts the ante 15
Adios89: posts the ante 15
kartrid: posts the ante 15
R@nTAnpl@N: posts small blind 60
Fakhish: posts big blind 120
*** HOLE CARDS ***
Dealt to LtGrimms [Qh Ts]
mecco: calls 120
LtGrimms: folds 
Adios89: folds 
kartrid: raises 1908 to 2028 and is all-in
gits1980: folds 
rastamanooo: folds 
liamkid: folds 
R@nTAnpl@N: folds 
Fakhish: folds 
mecco: calls 1908
*** FLOP *** [5d Ad 7d]
*** TURN *** [5d Ad 7d] [3s]
*** RIVER *** [5d Ad 7d 3s] [2h]
*** SHOW DOWN ***
mecco: shows [Js Ah] (a pair of Aces)
kartrid: shows [Th Td] (a pair of Tens)
mecco collected 4371 from pot
kartrid finished the tournament in 418th place
*** SUMMARY ***
Total pot 4371 | Rake 0 
Board [5d Ad 7d 3s 2h]
Seat 1: gits1980 folded before Flop (didn't bet)
Seat 2: rastamanooo folded before Flop (didn't bet)
Seat 3: liamkid (button) folded before Flop (didn't bet)
Seat 4: R@nTAnpl@N (small blind) folded before Flop
Seat 5: Fakhish (big blind) folded before Flop
Seat 6: mecco showed [Js Ah] and won (4371) with a pair of Aces
Seat 7: LtGrimms folded before Flop (didn't bet)
Seat 8: Adios89 folded before Flop (didn't bet)
Seat 9: kartrid showed [Th Td] and lost with a pair of Tens
